<?xml version="1.0" encoding="UTF-8"?><collection xmlns="http://www.loc.gov/MARC21/slim"><record><leader>00664nam--2200217-u-4500</leader><controlfield tag="001">000050927</controlfield><controlfield tag="002">20161230</controlfield><controlfield tag="005">20170118003254</controlfield><controlfield tag="008">080422s1000------------r-----000-0-eng-d</controlfield><datafield ind1=" " ind2=" " tag="020"><subfield code="a">0521586461</subfield></datafield><datafield ind1=" " ind2=" " tag="040"><subfield code="a">IFIN-HH</subfield></datafield><datafield ind1=" " ind2=" " tag="080"><subfield code="a">(530.14:531.19):001.2</subfield></datafield><datafield ind1="1" ind2=" " tag="100"><subfield code="a">Korepin, V. E</subfield></datafield><datafield ind1="1" ind2="0" tag="245"><subfield code="a">Quantum Inverse Scattering Method and Correlation Functions</subfield><subfield code="c">V. E. Korepin; N. M. Bogoliubov; A. G. Izergin</subfield></datafield><datafield ind1=" " ind2=" " tag="260"><subfield code="a">Cambridge</subfield><subfield code="b">Cambridge University Press</subfield><subfield code="c">1993</subfield></datafield><datafield ind1=" " ind2=" " tag="300"><subfield code="a">555 p</subfield></datafield><datafield ind1=" " ind2=" " tag="490"><subfield code="a">Cambridge Monographs on Mathematical Physics</subfield></datafield><datafield ind1=" " ind2="4" tag="650"><subfield code="a">Quantum Inverse</subfield></datafield><datafield ind1="1" ind2=" " tag="700"><subfield code="a">Izergin, A. G</subfield></datafield><datafield ind1=" " ind2=" " tag="852"><subfield code="a">82016</subfield><subfield code="c">530.1</subfield></datafield><datafield ind1=" " ind2=" " tag="CAT"><subfield code="a">SYS</subfield><subfield code="c">20170118</subfield><subfield code="h">003254</subfield></datafield></record></collection>